@Book{JS2015,
  Title                    = {Once Upon a Time on Stack Overflow},
  Author                   = {{Smith, J.}},
  Year                     = {2015},
  Edition                  = {1th},
  Address                  = {Houston, TX},
  Publisher                = {United Publishers}
}

@electronic{EU,
  author        = "{Council of the EU}",
  title         = "{Joint statement by the Council and the Commission on "stablecoins"}",
  url           = "https://www.consilium.europa.eu/de/press/press-releases/2019/12/05/joint-statement-by-the-council-and-the-commission-on-stablecoins",
  year          = "2019"
}

@electronic{FINMA,
  author        = "FINMA",
  title         = "{FINMA publishes ‘stable coin’ guidelines}",
  url           = "https://www.finma.ch/en/news/2019/09/20190911-mm-stable-coins",
  year          = "2019"
}

@electronic{Congress,
  author        = "Sylvia R. Garcia",
  title         = "{Managed Stablecoins are Securities Act of 2019}",
  url           = "https://www.congress.gov/bill/116th-congress/house-bill/5197/text",
  year          = "2019"
}

@electronic{Consensys,
  author        = "ConsenSys",
  title         = "{The State of Stablecoins, 2019}",
  url           = "https://media.consensys.net/the-state-of-stablecoins-2019-40c3eca990f4",
  year          = "2019"
}

@electronic{Tether,
  author        = "Tether",
  title         = "{Terms of Service}",
  url           = "https://tether.to/legal",
  year          = "2019"
}

@electronic{Forbes,
  author        = "Frances Coppola",
  title         = "{Tether's U.S. Dollar Peg Is No Longer Credible}",
  url           = "{https://www.forbes.com/sites/francescoppola/2019/03/14/tethers-u-s-dollar-peg-is-no-longer-credible/\#11956405451b}",
  year          = "2019"
}

@electronic{Coinmarketcap,
  author        = "CoinMarketCap",
  title         = "{Top 100 Cryptocurrencies by Market Capitalization}",
  url           = "{https://coinmarketcap.com}",
  year          = "2020",
  month      = "3"
}

@electronic{Sellars,
  author        = "Craig Sellars",
  title         = "{CRAIG – MASTERCOIN FOUNDATION CTO. AMA!}",
  url           = "{https://blog.omni.foundation/2014/08/07/craig-mastercoin-foundation-cto-ama}",
  year          = "2014",
  month      = "8"
}

@electronic{Zynis,
  author        = "Dominik Zynis",
  title         = "{A BRIEF HISTORY OF MASTERCOIN}",
  url           = "{https://blog.omni.foundation/2013/11/29/a-brief-history-of-mastercoin/}",
  year          = "2013",
  month      = "11"
}

@electronic{Tether2,
  author        = "Tether",
  title         = "{About Us}",
  url           = "{https://tether.to/about-us}",
  year          = "2020",
  month      = "3"
}

@electronic{Bitfinex,
  author        = "Bitfinex",
  title         = "{Profiles}",
  url           = "{https://blog.bitfinex.com/category/profiles}",
  year          = "2020",
  month      = "3"
}

@electronic{Bloomberg,
  author        = "Matthew Leising and Lily Katz and Yalixa Rivera",
  title         = "{One of the Biggest Crypto Exchanges Is Heading to the Caribbean}",
  url           = "{https://blog.bitfinex.com/category/profiles}",
  year          = "2018",
  month      = "5"
}

@unpublished{Griffin,
author  = {John M. Griffin and Amin Shams},
title   = {IS BITCOIN REALLY UN-TETHERED?},
year    = {2019},
month = 10,
day = 28,
note    = {unpublished},
}

@electronic{Buntinx,
  author        = "JP Buntinx",
  title         = "{Wells Fargo Blocks \$180m in Funds Belonging to iFinex and Tether Customers}",
  url           = "{https://themerkle.com/wells-fargo-blocks-180m-in-funds-belonging-to-ifinex-and-tether-customers}",
  year          = "2017",
  month      = "8"
}

@electronic{Kraken,
  author        = "Kraken",
  title         = "{Kraken Announces Support for "crypto dollar" Tether (USDT)}",
  url           = "{https://blog.kraken.com/post/206/kraken-announces-support-for-crypto-dollar}",
  year          = "2017",
  month      = "3"
}

@electronic{Binance,
  author        = "Binance",
  title         = "{Binance Will Add USDT Market Soon(Updated)}",
  url           = "{https://www.binance.com/en/support/articles/115001094331}",
  year          = "2017"
}

@electronic{Huobi,
  author        = "Huobi",
  title         = "{Huobi Pro will launch Tether(USDT) on October 24th, 2017}",
  url           = "{https://medium.com/huobi-global/huobi-pro-will-launch-tether-usdt-on-october-24th-2017-7b4af9e56491}",
  year          = "2017",
  month    = "10"
}

@electronic{Upson,
  author        = "Sandra Upson",
  title         = "{Why Tether's Collapse Would Be Bad for Cryptocurrencies}",
  url           = "{https://www.wired.com/story/why-tethers-collapse-would-be-bad-for-cryptocurrencies}",
  year          = "2018",
  month    = "1"
}

@electronic{Gemini,
  author        = "Gemini",
  title         = "{Gemini dollar}",
  url           = "{https://gemini.com/dollar}",
  year          = "2020"
}

@electronic{Coinbase,
  author        = "Coinbase",
  title         = "{Coinbase and Circle announce the launch of USDC — a Digital Dollar}",
  url           = "{https://blog.coinbase.com/coinbase-and-circle-announce-the-launch-of-usdc-a-digital-dollar-2cd6548d237}",
  year          = "2018",
  month    = "10"
}

@electronic{Huobi2,
  author        = "Sal Miah",
  title         = "{Huobi Introduces HUSD — The Universal Stablecoin Providing Maximum Stability}",
  url           = "{https://medium.com/swlh/huobi-introduces-husd-the-universal-stablecoin-providing-maximum-stability-272c9bf24831}",
  year          = "2018",
  month    = "10"
}

@electronic{Basis,
  author        = "Nader Al-Naji",
  title         = "{Basis}",
  url           = "{https://www.basis.io}",
  year          = "2018",
  month    = "12"
}

@article{Lipton ,
author = {Alexander Lipton and Alexander Pentland and Thomas Hardjono},
title = {Narrow Banks and Fiat Backed Digital Coins},
journal = {Capco Institute Journal},
volume = {47},
year = {2018}
}

@electronic{WSJ,
  author        = "Jeff Horwitz and Parmy Olson",
  title         = "{Facebook Unveils Cryptocurrency Libra in Bid to Reshape Finance}",
  url           = "{https://www.wsj.com/articles/facebook-unveils-crypto-wallet-based-on-currency-libra-11560850141}",
  year          = "2019",
  month    = "6"
}

@electronic{Reuters,
  author        = "Reuters",
  title         = "{France and Germany agree to block Facebook's Libra}",
  url           = "{https://www.reuters.com/article/us-facebook-cryptocurrency-france-german/france-and-germany-agree-to-block-facebooks-libra-idUSKCN1VY1XU}",
  year          = "2019",
  month    = "6"
}

@booklet{ECB,
author  = {Dirk Bullmann and Jonas Klemm and Andrea Pinna},
title   = {In search for stability in crypto-assets: are stablecoins the solution?},
year    = {2019},
month = 8
}

@article{Berentsen,
author = {Aleksander Berentsen and Fabian Schär},
title = {The Case for Central Bank Electronic Money and the Non-case for Central Bank Cryptocurrencies},
journal = {Federal Reserve Bank of St. Louis},
volume = {100},
year = {2018},
number = {2},
pages = {79--106}
}

@electronic{Christensen,
  author        = "Clayton M. Christensen and Michael E. Raynor and Rory McDonald",
  title         = "{What Is Disruptive Innovation?}",
  url           = "{https://hbr.org/2015/12/what-is-disruptive-innovation}",
  year          = "2015",
  month    = "12"
}

@electronic{Hays,
  author        = "Demelza Hays",
  title         = "{Gold Stablecoins}",
  url           = "{https://cryptoresearch.report/crypto-research/gold-stablecoins}",
  year          = "2019",
  month    = "8"
}

@inbook{Berentsen2,
  author={Aleksander Berentsen and Fabian Schär},
  year= 2019, 
  chapter={Stablecoins: The quest for a low-volatility cryptocurrency}, 
  editor = {Antonio Fatas}, 
  title= {The Economics of Fintech and Digital Currencies}, 
  publisher= {CEPR Press}
}

@electronic{Circle,
  author        = "Circle",
  title         = "{Circle USDC User Agreement}",
  url           = "{https://support.usdc.circle.com/hc/en-us/articles/360001233386}",
  year          = "2019",
  month    = "12"
}

@electronic{TrustToken,
  author        = "TrustToken",
  title         = "{TRUECOIN TERMS OF USE}",
  url           = "{https://www.trusttoken.com/terms-of-use}",
  year          = "2019",
  month    = "8"
}

@booklet{IMF,
author  = {Tobias Adrian and Tommaso Mancini-Griffoli},
title   = {The Rise of Digital Money},
year    = {2019},
month = 7
}

@electronic{Kharif,
  author        = "Olga Kharif",
  title         = "{Just 318 Crypto Addresses Control 80\% of Tether}",
  url           = "{https://www.bloomberg.com/news/articles/2019-08-07/tether-mafia-318-crypto-addresses-control-most-of-stablecoin}",
  year          = "2019",
  month    = "8"
}

@electronic{Maker,
  author        = "Maker DAO",
  title         = "{Dai 1.0}",
  url           = "{https://developer.makerdao.com/dai/1/}",
  year          = "2020",
  month    = "3"
}

@electronic{TrustToken2,
  author        = "TrustToken",
  title         = "{Explore all of our currencies}",
  url           = "{https://www.trusttoken.com/currencies}",
  year          = "2020",
  month    = "3"
}

@electronic{Tether3,
  author        = "Tether",
  title         = "{Terms of Service}",
  url           = "{https://tether.to/legal}",
  year          = "2019",
  month      = "2"
}

@electronic{Etherscan,
  author        = "Etherscan",
  title         = "{Tether USD (USDT)}",
  url           = "{https://etherscan.io/address/0xdac17f958d2ee523a2206206994597c13d831ec7/\#code}",
  year          = "2020",
  month      = "3"
}

@electronic{Etherscan2,
  author        = "Etherscan",
  title         = "{Tether USD (USDT) - Analytics}",
  url           = "{https://etherscan.io/token/0xdac17f958d2ee523a2206206994597c13d831ec7/\#tokenAnalytics}",
  year          = "2020",
  month      = "3"
}

@electronic{Etherscan3,
  author        = "Etherscan",
  title         = "{Tether USD (USDT) - Contract Source Code}",
  url           = "{https://etherscan.io/address/0xdac17f958d2ee523a2206206994597c13d831ec7/\#code}",
  year          = "2020",
  month      = "3"
}

@electronic{Tether4,
  author        = "Tether",
  title         = "{Fees}",
  url           = "{https://tether.to/fees}",
  year          = "2020",
  month      = "3"
}

@misc{FINMA2,
author  = {FINMA},
title   = {Supplement to the guidelines for enquiries regarding the regulatory framework for initial coin offerings (ICOs)},
year    = {2019},
month = 11
}

@electronic{Mauchle,
  author        = "Yves Mauchle and Sammy Guidoum",
  title         = "{Flat Risk Weight of 800\% – FINMA Clarifies Prudential Consequences of Cryptoassets Trading by Swiss Banks and Securities Dealers}",
  url           = "{https://blockchain.bakermckenzie.com/2018/12/06/flat-risk-weight-of-800-finma-clarifies-prudential-consequences-of-cryptoassets-trading-by-swiss-banks-and-securities-dealers}",
  year          = "2018",
  month      = "12"
}


@electronic{Roth ,
author = {Roth, Jakob and Schär, Fabian and Schöpfer, Aljoscha},
title = {The Tokenization of Assets: Using Blockchains for Equity Crowdfunding},
  url           = "{http://dx.doi.org/10.2139/ssrn.3443382}",
  year          = "2019",
  month      = "9"
}

@electronic{UBS,
author = {UBS},
title = {Building the trust engine},
  url           = "{https://www.ubs.com/microsites/blockchain-report/en/home.html}",
  year          = "2016"
}

@electronic{SwissFundData,
author = {Swiss Fund Data},
title = {Credit Suisse Money Market Fund – USD B},
  url           = "{https://www.swissfunddata.ch/sfdpub/de/funds/show/29451}",
  year          = "2020"
}

@inbook{Lipton2,
  author={Alexander Lipton},
  year= 2019, 
  chapter={Towards a Stable Tokenized Medium of Exchange}, 
  title= {Cryptoassets: Legal, Regulatory, and Monetary Perspectives}, 
  publisher= {Oxford University Press},
  editor={Chris Brummer}
}

@electronic{Lipton3,
author = {Alexander Lipton and Thomas Hardjono and Alexander Pentland},
title = {Digital trade coin: towards a more stable digital currency},
url = "{http://dx.doi.org/10.1098/rsos.180155}",
year = {2018}
}

@article{Lipton4,
author = {Alexander Lipton and Alexander Pentland},
title = {Breaking the bank},
journal = {Scientific American},
volume = {318},
year = {2018},
month = {1},
pages = {26-31},
edition = {1} 
}

@article{schaer:20,
author = {Fabian Schär},
title = {Decentralized Finance: On Blockchain- and Smart Contract-based Financial Markets},
url = {https://dx.doi.org/10.13140/RG.2.2.18469.65764},
year = {2020},
}

